
@article{wichmann_industrial_1995,
	title = {Industrial perspective on static analysis},
	volume = {10},
	url = {http://citeseerx.ist.psu.edu/viewdoc/download?doi=10.1.1.138.4760&rep=rep1&type=pdf},
	number = {2},
	urldate = {2016-04-22},
	journal = {Software Engineering Journal},
	author = {Wichmann, B. A. and Canning, A. A. and Clutterbuck, D. L. and Winsborrow, L. A. and Ward, N. J. and Marsh, D. W. R.},
	year = {1995},
	pages = {69}
}

@incollection{jensen_type_2009,
	title = {Type analysis for {JavaScript}},
	url = {http://link.springer.com/chapter/10.1007/978-3-642-03237-0_17},
	urldate = {2016-04-20},
	booktitle = {Static {Analysis}},
	publisher = {Springer},
	author = {Jensen, Simon Holm and MÃ¸ller, Anders and Thiemann, Peter},
	year = {2009},
	pages = {238--255}
}

@thesis{stein-daniel-bsc,
  author = {Stein, D{\'a}niel},
  title = {Incremental Static Analysis of Large Source Code Repositories},
  school = {Budapest University of Technology and Economics},
  year = {2014},
  type = {Bachelor{\textquoteright}s thesis}
}

@misc{tajs-git,
	title = {{cs-au-dk/TAJS: Type Analyzer for JavaScript}},
	url = {https://github.com/cs-au-dk/TAJS},
	note = {Accessed: 2016-04-25}
}
